@book {ADS,
    AUTHOR = {Silverman, Joseph H.},
     TITLE = {The arithmetic of dynamical systems},
    SERIES = {Graduate Texts in Mathematics},
    VOLUME = {241},
 PUBLISHER = {Springer, New York},
      YEAR = {2007},
     PAGES = {x+511},
      ISBN = {978-0-387-69903-5},
   MRCLASS = {11-02 (11-01 11G05 11G07 11G50 37-02 37F10)},
  MRNUMBER = {2316407},
MRREVIEWER = {Thomas Ward},
       DOI = {10.1007/978-0-387-69904-2},
       URL = {https://doi.org/10.1007/978-0-387-69904-2},
}


@book {PT,
    AUTHOR = {Ransford, Thomas},
     TITLE = {Potential theory in the complex plane},
    SERIES = {London Mathematical Society Student Texts},
    VOLUME = {28},
 PUBLISHER = {Cambridge University Press, Cambridge},
      YEAR = {1995},
     PAGES = {x+232},
      ISBN = {0-521-46120-0; 0-521-46654-7},
   MRCLASS = {31-02},
  MRNUMBER = {1334766},
MRREVIEWER = {D. H. Armitage},
       DOI = {10.1017/CBO9780511623776},
       URL = {https://doi.org/10.1017/CBO9780511623776},
}

@article {AD,
    AUTHOR = {Amoroso, Francesco and Dvornicich, Roberto},
     TITLE = {A lower bound for the height in abelian extensions},
   JOURNAL = {J. Number Theory},
  FJOURNAL = {Journal of Number Theory},
    VOLUME = {80},
      YEAR = {2000},
    NUMBER = {2},
     PAGES = {260--272},
      ISSN = {0022-314X},
   MRCLASS = {11R18 (11G50)},
  MRNUMBER = {1740514},
MRREVIEWER = {Christopher Smyth},
       DOI = {10.1006/jnth.1999.2451},
       URL = {https://doi.org/10.1006/jnth.1999.2451},
}

@article {BR,
    AUTHOR = {Baker, Matthew H. and Rumely, Robert},
     TITLE = {Equidistribution of small points, rational dynamics, and
              potential theory},
   JOURNAL = {Ann. Inst. Fourier (Grenoble)},
  FJOURNAL = {Universit\'e de Grenoble. Annales de l'Institut Fourier},
    VOLUME = {56},
      YEAR = {2006},
    NUMBER = {3},
     PAGES = {625--688},
      ISSN = {0373-0956},
   MRCLASS = {11G50 (37A45 37F10)},
  MRNUMBER = {2244226},
       URL = {http://aif.cedram.org/item?id=AIF_2006__56_3_625_0},
}

@incollection {R,
    AUTHOR = {Rumely, Robert},
     TITLE = {On {B}ilu's equidistribution theorem},
 BOOKTITLE = {Spectral problems in geometry and arithmetic ({I}owa {C}ity,
              {IA}, 1997)},
    SERIES = {Contemp. Math.},
    VOLUME = {237},
     PAGES = {159--166},
 PUBLISHER = {Amer. Math. Soc., Providence, RI},
      YEAR = {1999},
   MRCLASS = {11G50 (14G40)},
  MRNUMBER = {1710794},
MRREVIEWER = {Antoine Chambert-Loir},
       DOI = {10.1090/conm/237/1710794},
       URL = {https://doi.org/10.1090/conm/237/1710794},
}

@article {Bilu,
    AUTHOR = {Bilu, Yuri},
     TITLE = {Limit distribution of small points on algebraic tori},
   JOURNAL = {Duke Math. J.},
  FJOURNAL = {Duke Mathematical Journal},
    VOLUME = {89},
      YEAR = {1997},
    NUMBER = {3},
     PAGES = {465--476},
      ISSN = {0012-7094},
   MRCLASS = {11G35 (11G25 11J68 14G05 14G25)},
  MRNUMBER = {1470340},
MRREVIEWER = {Dan Abramovich},
       DOI = {10.1215/S0012-7094-97-08921-3},
       URL = {https://doi.org/10.1215/S0012-7094-97-08921-3},
}
