
@article{arroyo2018maximum,
	title={Maximum Likelihood Estimation and Graph Matching in Errorfully Observed Networks},
	author={Arroyo, Jes{\'u}s and Sussman, Daniel L and Priebe, Carey E and Lyzinski, Vince},
	journal={arXiv preprint arXiv:1812.10519},
	year={2018}
}

@article{arroyo2019inference,
	title={Inference for multiple heterogeneous networks with a common invariant subspace},
	author={Arroyo, Jes{\'u}s and Athreya, Avanti and Cape, Joshua and Chen, Guodong and Priebe, Carey E and Vogelstein, Joshua T},
	journal={arXiv preprint arXiv:1906.10026},
	year={2019}
}